<?xml version="1.0" encoding="UTF-8"?><collection xmlns="http://www.loc.gov/MARC21/slim"><record><leader>00336nam--2200121-i-4500</leader><controlfield tag="001">000026591</controlfield><controlfield tag="002">20161230</controlfield><controlfield tag="005">20161230201036</controlfield><controlfield tag="008">060222s1000------------r-----000-0-eng-d</controlfield><datafield ind1=" " ind2=" " tag="100"><subfield code="a">Kazarnovski, D.M</subfield></datafield><datafield ind1=" " ind2=" " tag="245"><subfield code="a">Incercarile materialelor si pieseloor din radiotehnica. trad.din l.rusa</subfield></datafield><datafield ind1=" " ind2=" " tag="260"><subfield code="a">Bucuresti, I.D.T., 1956, 356p</subfield></datafield><datafield ind1=" " ind2=" " tag="852"><subfield code="a">328</subfield></datafield></record></collection>